% !BIB program = bibtex

@article{masten2018identification,
	title={Identification of treatment effects under conditional partial independence},
	author={Masten, Matthew A and Poirier, Alexandre},
	journal={Econometrica},
	volume={86},
	number={1},
	pages={317--351},
	year={2018},
	publisher={Wiley Online Library}
}

@article{yadlowsky2018bounds,
	title={Bounds on the conditional and average treatment effect with unobserved confounding factors},
	author={Yadlowsky, Steve and Namkoong, Hongseok and Basu, Sanjay and Duchi, John and Tian, Lu},
	journal={arXiv preprint arXiv:1808.09521},
	year={2018}
}

@article{athey2020combining,
	title={Combining experimental and observational data to estimate treatment effects on long term outcomes},
	author={Athey, Susan and Chetty, Raj and Imbens, Guido},
	journal={arXiv preprint arXiv:2006.09676},
	year={2020}
}

@techreport{athey2019surrogate,
	title={The surrogate index: Combining short-term proxies to estimate long-term treatment effects more rapidly and precisely},
	author={Athey, Susan and Chetty, Raj and Imbens, Guido W and Kang, Hyunseung},
	year={2019},
	institution={National Bureau of Economic Research}
}

@article{fan2014identifying,
	title={Identifying treatment effects under data combination},
	author={Fan, Yanqin and Sherman, Robert and Shum, Matthew},
	journal={Econometrica},
	volume={82},
	number={2},
	pages={811--822},
	year={2014},
	publisher={Wiley Online Library}
}

@article{fan2010sharp,
	title={Sharp bounds on the distribution of treatment effects and their statistical inference},
	author={Fan, Yanqin and Park, Sang Soo},
	journal={Econometric Theory},
	volume={26},
	number={3},
	pages={931--951},
	year={2010},
	publisher={Cambridge University Press}
}

@article{fan2014copulas,
	title={Copulas in econometrics},
	author={Fan, Yanqin and Patton, Andrew J},
	journal={Annu. Rev. Econ.},
	volume={6},
	number={1},
	pages={179--200},
	year={2014},
	publisher={Annual Reviews}
}

@article{yadlowsky2018bounds,
	title={Bounds on the conditional and average treatment effect with unobserved confounding factors},
	author={Yadlowsky, Steve and Namkoong, Hongseok and Basu, Sanjay and Duchi, John and Tian, Lu},
	journal={arXiv preprint arXiv:1808.09521},
	year={2018}
}

@incollection{rosenbaum2002overt,
	title={Overt bias in observational studies},
	author={Rosenbaum, Paul R},
	booktitle={Observational studies},
	pages={71--104},
	year={2002},
	publisher={Springer}
}

@book{luenberger1997optimization,
	title={Optimization by vector space methods},
	author={Luenberger, David G},
	year={1997},
	publisher={John Wiley \& Sons}
}

@article{kallus2018confounding,
	title={Confounding-robust policy improvement},
	author={Kallus, Nathan and Zhou, Angela},
	journal={arXiv preprint arXiv:1805.08593},
	year={2018}
}

@article{bennett2019policy,
	title={Policy evaluation with latent confounders via optimal balance},
	author={Bennett, Andrew and Kallus, Nathan},
	journal={arXiv preprint arXiv:1908.01920},
	year={2019}
}

@article{hwang2021bounding,
	title={Bounding Omitted Variable Bias Using Auxiliary Data},
	author={Hwang, Yujung},
	journal={Available at SSRN 3866876},
	year={2021}
}

@article{kallus2018removing,
	title={Removing hidden confounding by experimental grounding},
	author={Kallus, Nathan and Puli, Aahlad Manas and Shalit, Uri},
	journal={arXiv preprint arXiv:1810.11646},
	year={2018}
}

@article{chen2021semiparametric,
	title={Semiparametric Estimation of Long-Term Treatment Effects},
	author={Chen, Jiafeng and Ritzwoller, David M},
	journal={arXiv preprint arXiv:2107.14405},
	year={2021}
}

@book{van2000asymptotic,
	title={Asymptotic statistics},
	author={Van der Vaart, Aad W},
	volume={3},
	year={2000},
	publisher={Cambridge university press}
}

@article{andrews1994asymptotics,
	title={Asymptotics for semiparametric econometric models via stochastic equicontinuity},
	author={Andrews, Donald WK},
	journal={Econometrica: Journal of the Econometric Society},
	pages={43--72},
	year={1994},
	publisher={JSTOR}
}

@article{imbens2000role,
	title={The role of the propensity score in estimating dose-response functions},
	author={Imbens, Guido W},
	journal={Biometrika},
	volume={87},
	number={3},
	pages={706--710},
	year={2000},
	publisher={Oxford University Press}
}

@article{rubin1974estimating,
	title={Estimating causal effects of treatments in randomized and nonrandomized studies.},
	author={Rubin, Donald B},
	journal={Journal of educational Psychology},
	volume={66},
	number={5},
	pages={688},
	year={1974},
	publisher={American Psychological Association}
}

@article{masten2020assessing,
	title={Assessing Sensitivity to Unconfoundedness: Estimation and Inference},
	author={Masten, Matthew A and Poirier, Alexandre and Zhang, Linqi},
	journal={arXiv preprint arXiv:2012.15716},
	year={2020}
}

@misc{stoye2020simple,
      title={A Simple, Short, but Never-Empty Confidence Interval for Partially Identified Parameters}, 
      author={JÃ¶rg Stoye},
      year={2020},
      eprint={2010.10484},
      archivePrefix={arXiv},
      primaryClass={econ.EM}
}

@article{Andrews2007InferenceFP,
  title={Inference for Parameters Defined by Moment Inequalities Using Generalized Moment Selection},
  author={Donald W. K. Andrews and Gustavo Soares},
  journal={Yale Economics Department Research Papers},
  year={2007}
}